<?xml version='1.0' encoding='utf-8'?>
<Document xmlns="urn:iso:std:iso:20022:tech:xsd:pain.001.001.09"><CstmrCdtTrfInitn><GrpHdr><MsgId>messageIdentification</MsgId><CreDtTm>2024-11-30</CreDtTm><NbOfTxs>1</NbOfTxs><CtrlSum>0.01</CtrlSum><InitgPty><Nm>initiatingParty</Nm><OrgId><AnyBIC>BICcode</AnyBIC><LEI>LEIcode</LEI></OrgId></InitgPty></GrpHdr><PmtInf><PmtInfId>paymentInfId_1</PmtInfId><PmtMtd>TRF</PmtMtd><BtchBookg>false</BtchBookg><NbOfTxs>1</NbOfTxs><CtrlSum>0.01</CtrlSum><ReqdExctnDt><Dt>2024-11-30</Dt></ReqdExctnDt><Dbtr><Nm>debtorName</Nm><PstlAdr><Dept>debtorDepartment</Dept><SubDept>debtorSubDepartment</SubDept><StrtNm>debtorStreetName</StrtNm><BldgNb>debtorBuildingNumber</BldgNb><Flr>debtorFloor</Flr><PstBx>debtorPostBox</PstBx><Room>debtorRoom</Room><PstCd>debtorPostalCode</PstCd><TwnNm>debtorTownName</TwnNm><DstrctNm>debtorDistrictName</DstrctNm><CtrySubDvsn>debtorCountrySubdivision</CtrySubDvsn><Ctry>debtorCountry</Ctry></PstlAdr><OrgId><AnyBIC>BICcode</AnyBIC><LEI>LEIcode</LEI></OrgId></Dbtr><DbtrAcct><Id><IBAN>LT444010000100561111</IBAN></Id><Ccy>EUR</Ccy></DbtrAcct><DbtrAgt><FinInstnId><BICFI>BICcode</BICFI></FinInstnId></DbtrAgt><CdtTrfTxInf><PmtId><InstrId>creditorInstructionId_1</InstrId><EndToEndId>endToEndId</EndToEndId></PmtId><Amt><InstdAmt Ccy="EUR">0.01</InstdAmt></Amt><Cdtr><Nm>creditorName</Nm><PstlAdr><StrtNm>creditorStreetName</StrtNm><BldgNb>creditorBuildingNumber</BldgNb><Flr>creditorFloor</Flr><PstCd>creditorPostalCode</PstCd><TwnNm>creditorTownName</TwnNm><Ctry>creditorCountry</Ctry></PstlAdr><OrgId><AnyBIC>BICcode</AnyBIC><LEI>LEIcode</LEI></OrgId></Cdtr><CdtrAcct><Id><IBAN>LT587400000013547777</IBAN></Id></CdtrAcct><RmtInf><Ustrd>unstructuredRemittanceInformation</Ustrd></RmtInf></CdtTrfTxInf></PmtInf></CstmrCdtTrfInitn></Document>